@book{CLRS_2009,
 author = {Cormen, Thomas H. and Leiserson, Charles E. and Rivest, Ronald L. and Stein, Clifford},
 title = {Introduction to Algorithms, Third Edition},
 year = {2009},
 isbn = {0262033844, 9780262033848},
 edition = {3rd},
 publisher = {The MIT Press},
 address = {Cambridge, MA}
} 

@online{cpythonsourcecode,
  author = {{Python Software Foundation}},
  year = 2020,
  title = {CPython Source Code},
  url = {https://github.com/python/cpython/blob/master/Objects/listobject.c
}, note  = "[Online; accessed 27-November-2020]"
}

 @misc{wiki:timsort-wiki,
    author = "{Wikipedia contributors}",
    title = "Timsort --- {Wikipedia}{,} The Free Encyclopedia",
    year = "2020",
    url = "https://en.wikipedia.org/w/index.php?title=Timsort&oldid=990880207",
    note = "[Online; accessed 1-December-2020]"
  }

@inproceedings{DBLP:conf/soda/McIlroy93,
  author    = {Peter M. McIlroy},
  editor    = {Vijaya Ramachandran},
  title     = {Optimistic Sorting and Information Theoretic Complexity},
  booktitle = {Proceedings of the Fourth Annual {ACM/SIGACT-SIAM} Symposium on Discrete Algorithms, 25-27 January 1993, Austin, Texas, {USA}},
  pages     = {467--474},
  publisher = {{ACM/SIAM}},
  year      = {1993},
  url       = {http://dl.acm.org/citation.cfm?id=313559.313859},
  timestamp = {Thu, 05 Jul 2018 07:29:11 +0200},
  biburl    = {https://dblp.org/rec/conf/soda/McIlroy93.bib},
  bibsource = {dblp computer science bibliography, https://dblp.org}
}

@book{RANI_2015,
 author = {Kanchan and Shipi, Rani},
 title = {To Solving Hybrid Approach by using Tim Sort Algorithm and Comparison with Quick Sort Algorithm},
 year = {2015},
 issn = {2230-762},
 edition = {3rd},
 publisher = {MIT International Journal of Computer Science and Information Technology, Vol. 5, No. 2},
} 

@article{astrachan,
author = {Astrachan, Owen},
year = {2003},
month = {03},
pages = {},
title = {Bubble Sort: An Archaeological Algorithmic Analysis},
journal = {SIGCSE Bulletin (Association for Computing Machinery, Special Interest Group on Computer Science Education)},
doi = {10.1145/611892.611918}
}
@book{skienna08,
  added-at = {2015-05-11T09:08:43.000+0200},
  address = {London},
  author = {Skiena, Steven S.},
  biburl = {https://www.bibsonomy.org/bibtex/29b2f5050241fea63ff5f49cc29b5bebf/ytyoun},
  doi = {10.1007/978-1-84800-070-4},
  interhash = {1087fa2b9db733b071ece02fc207a88d},
  intrahash = {9b2f5050241fea63ff5f49cc29b5bebf},
  isbn = {9781848000704 1848000707 9781848000698 1848000693},
  keywords = {algorithm programming textbook},
  publisher = {Springer},
  refid = {370729337},
  timestamp = {2015-12-12T14:24:40.000+0100},
  title = {The Algorithm Design Manual},
  year = 2008
}

@Article{NicolasAuger,
author = {Auger, Nicolas and Jugé, Vincent and Nicaud, Cyril and Pivoteau, Carine},
year = {2018},
month = {05},
pages = {},
publisher     = {Université Paris-Est, LIGM (UMR 8049), UPEM, F77454 Marne-la-Vallée, France},
title = {On the Worst-Case Complexity of TimSort}
}

@Article{         harris2020array,
 title         = {Array programming with {NumPy}},
 author        = {Charles R. Harris and K. Jarrod Millman and St{'{e}}fan J.
                 van der Walt and Ralf Gommers and Pauli Virtanen and David
                 Cournapeau and Eric Wieser and Julian Taylor and Sebastian
                 Berg and Nathaniel J. Smith and Robert Kern and Matti Picus
                 and Stephan Hoyer and Marten H. van Kerkwijk and Matthew
                 Brett and Allan Haldane and Jaime Fern{'{a}}ndez del
                 R{'{\i}}o and Mark Wiebe and Pearu Peterson and Pierre
                 G{'{e}}rard-Marchant and Kevin Sheppard and Tyler Reddy and
                 Warren Weckesser and Hameer Abbasi and Christoph Gohlke and
                 Travis E. Oliphant},
 year          = {2020},
 month         = sep,
 journal       = {Nature},
 volume        = {585},
 number        = {7825},
 pages         = {357--362},
 doi           = {10.1038/s41586-020-2649-2},
 publisher     = {Springer Science and Business Media {LLC}},
 url           = {https://doi.org/10.1038/s41586-020-2649-2}
}

@article{hansplesser,
  title={Benchmarking sorting algorithms in Python},
  author={Hans Ekkehard Plesser},
  journal={Data Science Section, Faculty of Science and Technology, Norwegian University of Life Sciences},
  year={2020}
}

@inproceedings{inproceedings,
author = {Kuk, Kristijan and Milic, Petar and Spalević, Petar and Gocic, Milan},
year = {2019},
month = {09},
pages = {},
title = {Algorithm design in Python for cybersecurity}
}

@article{Rajput2012PerformanceCO,
  title={Performance Comparison of Sequential Quick Sort and Parallel Quick Sort Algorithms},
  author={I. S. Rajput and Bhawnesh Kumar and Tinku Singh},
  journal={International Journal of Computer Applications},
  year={2012},
  volume={57},
  pages={14-22}
}

@article{irfan,
author = {Ali, Irfan and Lashari, Haque and Keerio, Imran and Maitlo, Abdullah and Chhajro, M. and Malook, Muhammad},
year = {2018},
month = {01},
pages = {192-195},
title = {Performance Comparison between Merge and Quick Sort Algorithms in Data Structure},
volume = {9},
journal = {International Journal of Advanced Computer Science and Applications},
doi = {10.14569/IJACSA.2018.091127}
}

@online{NumpySortDocumentation,
  author = {The SciPy community},
  year = 2020,
  title = {NumpySortDocumentation},
  url = {https://numpy.org/doc/stable/reference/generated/numpy.sort.html},
  note  = {(last accessed on 2020-10-27)}
}

@online{PythonDocumentation,
  author = {{Python Documentation}},
  year = 2020,
  title = {timeit},
  url = {https://docs.python.org/2/library/timeit.html},
  note  = "[Online; accessed 13-November-2020]"
}

